@misc{nguyen2025timespikeunderstandingrepresentational,
      title={Time to Spike? Understanding the Representational Power of Spiking Neural Networks in Discrete Time},
      author={Duc Anh Nguyen and Ernesto Araya and Adalbert Fono and Gitta Kutyniok},
      year={2025},
      eprint={2505.18023},
      archivePrefix={arXiv},
      primaryClass={cs.LG},
      url={https://arxiv.org/abs/2505.18023},
}
